% Encoding: UTF-8

@Book{Camacho2013,
  title         = {Model predictive control},
  publisher     = {Springer Science \& Business Media},
  year          = {2013},
  author        = {Camacho, Eduardo F and Alba, Carlos Bordons},
  __markedentry = {[Expresso Logic:6]},
}

@Comment{jabref-meta: databaseType:bibtex;}
